@book{
	a,
	author = {},
	title = {},
	edition = {},
	publisher = {},
	year = {}
}

@article{
	b,
	author = {},
	title = {},
	journal = {},
	year = {}
}